@Article{Hardesty2021,
  author =       {Larry Hardesty},
  title =        {The Original Absent-Minded Professor},
  journal =      {MIT Technology Review},
  year =         {2021},
  OPTmonth =     {June},
}

